% This file was created with JabRef 2.10.
% Encoding: UTF8


@Electronic{AppleEULA,
  Title                    = {OSX 10.11 EULA},
  Author                   = {Apple, Inc.},
  Url                      = {http://images.apple.com/legal/sla/docs/OSX1011.pdf},
  Urldate                  = {2016-05-16},

  Owner                    = {sn0b4ll},
  Timestamp                = {2016.05.16}
}

@Book{Budszuhn2005,
  Title                    = {Subversion},
  Author                   = {Frank Budszuhn},
  Year                     = {2005},
  Publisher                = {Galileo Press GmbH, Gartenstraße 24, 53229 Bonn},

  Owner                    = {sn0b4ll},
  Timestamp                = {2015.01.10}
}

@Electronic{bsiforensik,
  Title                    = {Leitfaden "IT-Forensik"},
  Author                   = {{Bundesamt für Sicherheit in der Informationstechnik}},
  Url                      = {https://www.bsi.bund.de/SharedDocs/Downloads/DE/BSI/Internetsicherheit/Leitfaden_IT-Forensik_pdf.pdf},
  Year                     = {2011},
  Language                 = {Deutsch},
  Month                    = {3},
  Urldate                  = {2015-01-26},

  Owner                    = {sn0b4ll},
  Timestamp                = {2015.01.26}
}

@Electronic{Chacon,
  Title                    = {GIT Distributed},
  Author                   = {Scott Chacon},
  Url                      = {http://git-scm.com/about/distributed},
  Urldate                  = {2015-01-10},

  Owner                    = {sn0b4ll},
  Timestamp                = {2015.01.10}
}

@Book{Drake2014,
  Title                    = {Android Hacker's Handbook},
  Author                   = {Joshua J. Drake and Pau Oliva Fora and Zach Lanier and Collin Mulliner and Stephen A. Ridley and Gerog Wicherski},
  Year                     = {2014},
  Publisher                = {John Wiley \& Sons, Inc., Indianaposil, Indiana},

  Keywords                 = {mobile},
  Owner                    = {sn0b4ll},
  Timestamp                = {2016.03.02}
}

@Book{Eckert2014,
  Title                    = {IT-Sicherheit},
  Author                   = {Claudia Eckert},
  Year                     = {2014},
  Publisher                = {Oldenbourg Wissenschaftsverlag München GmbH},

  Keywords                 = {mobile},
  Owner                    = {sn0b4ll},
  Review                   = {Seite 81ff 2.7 mobiler Code
 Seite 88, letzter Absatz: einheitliche Schnittstelle usw.
 Seite 90: Vergleich},
  Timestamp                = {2016.03.02}
}

@Electronic{GartnerSales,
  Title                    = {Gartner Sales PC/Mobile Phones},
  Author                   = {Gartner},
  Url                      = {http://www.gartner.com/newsroom/id/3270418},
  Urldate                  = {2016-05-16},

  Owner                    = {sn0b4ll},
  Timestamp                = {2016.05.16}
}

@Book{Glaser2015,
  Title                    = {Secure Development for Mobile Apps},
  Author                   = {J. D. Glaser},
  Year                     = {2015},
  Publisher                = {Taylor \& Francis Group, LLC},

  Keywords                 = {mobile},
  Owner                    = {sn0b4ll},
  Timestamp                = {2016.03.02}
}

@Electronic{ntlmv2,
  Title                    = {The NTLM Authentication Protocol and Security Support Provider},
  Author                   = {Eric Glass},
  Url                      = {http://davenport.sourceforge.net/ntlm.html},
  Urldate                  = {2015-01-25},

  Owner                    = {sn0b4ll},
  Timestamp                = {2015.01.25}
}

@Electronic{pyinstaller,
  Title                    = {Pyinstaller},
  Author                   = {Hartmut Goebel and Martin Zibricky and Giovanni Bajo},
  Url                      = {https://github.com/pyinstaller},
  Urldate                  = {2015-01-26},

  Owner                    = {sn0b4ll},
  Timestamp                = {2015.01.26}
}

@Book{Kim2014,
  Title                    = {The Hacker Playbook},
  Author                   = {Peter Kim},
  Year                     = {2014},
  Publisher                = {Secure Planet LLC},

  Owner                    = {sn0b4ll},
  Timestamp                = {2015.01.02}
}

@Electronic{McAffee,
  Title                    = {Net Losses: Estimating the Global Cost of Cybercrime},
  Author                   = {McAffee},
  Url                      = {http://csis.org/files/attachments/140609_McAfee_PDF.pdf},
  Year                     = {2014},
  Language                 = {English},
  Urldate                  = {2015-01-26},

  Owner                    = {root},
  Timestamp                = {2015.01.26}
}

@Book{McClure2006,
  Title                    = {Das Anti-Hacker-Buch},
  Author                   = {S. McClure and J. Scambray and G. Kurtz},
  Year                     = {2006},
  Pages                    = {242, 378},
  Publisher                = {bhv, Redline GmbG, Heidelberg},

  Owner                    = {sn0b4ll},
  Timestamp                = {2015.01.07}
}

@Book{Messner2012,
  Title                    = {Metasploit: Das Handbuch zum Penetration-Testing-Framework},
  Author                   = {Michael Messner},
  Year                     = {2012},
  Publisher                = {dpunkt.verlag GmbH, Ringstraße 19 B, Heidelberg},

  Owner                    = {sn0b4ll},
  Timestamp                = {2015.01.07}
}

@Electronic{marktanteile,
  Title                    = {Market Share Report December 2014},
  Author                   = {NETMARKETSHARE},
  Url                      = {http://netmarketshare.com/},
  Urldate                  = {2015-01-27},

  Owner                    = {sn0b4ll},
  Timestamp                = {2015.01.27}
}

@Book{Publishing2009,
  Title                    = {Computer Viruses and Other Malicious Software: A Threat to the Internet Economy},
  Author                   = {OECD},
  Year                     = {2009},
  Publisher                = {OECD Publishing},

  Owner                    = {sn0b4ll},
  Timestamp                = {2015.01.07}
}

@Electronic{meterpreter,
  Title                    = {About the Metasploit Meterpreter},
  Author                   = {{Offensive Security Ltd.}},
  Url                      = {http://www.offensive-security.com/metasploit-unleashed/About_Meterpreter},
  Urldate                  = {2015-01-26},

  Owner                    = {sn0b4ll},
  Timestamp                = {2015.01.26}
}

@Electronic{msfvenom,
  Title                    = {Msfvenom},
  Author                   = {{Offensive Security Ltd.}},
  Url                      = {http://www.offensive-security.com/metasploit-unleashed/Msfvenom},
  Urldate                  = {2015-01-26},

  Owner                    = {sn0b4ll},
  Timestamp                = {2015.01.26}
}

@Book{Patwardhan2003,
  Title                    = {Perl in a Nutshell, 2nd Edition},
  Author                   = {N. Patwardhan and E. Siever and S. Spainhour},
  Year                     = {2003},
  Publisher                = {O'Reilly Verlag GmbH \& Co. KG},

  Owner                    = {root},
  Timestamp                = {2014.10.11}
}

@Electronic{Research,
  Author                   = {Open Security Research},
  Url                      = {http://calc.opensecurityresearch.com},

  Owner                    = {sn0b4ll},
  Timestamp                = {2015.01.07}
}

@Book{Riedel2014,
  Title                    = {Git: kurz \& gut},
  Author                   = {Sven Riedel},
  Year                     = {2014},
  Publisher                = {O'Reilly Verlag GmbH \& Co. KG},
  Volume                   = {Auflage 2},

  Owner                    = {sn0b4ll},
  Timestamp                = {2015.01.27}
}

@Electronic{ntfs,
  Title                    = {NTFS Documentation},
  Author                   = {Richard Russon and Yuval Fledel},
  Url                      = {http://ftp.jaist.ac.jp/pub/sourceforge/n/nt/ntfsofuefi/NTFS%20Reference%20Documents/ntfsdoc.pdf},
  Year                     = {2005},
  Language                 = {English},
  Urldate                  = {2015-01-26},

  Owner                    = {root},
  Timestamp                = {2015.01.26}
}

@Electronic{Heise1,
  Title                    = {iCloud-Hack},
  Author                   = {Fabian Scherschel},
  Url                      = {http://www.heise.de/mac-and-i/meldung/The-Fappening-Promi-Nacktfotos-ueber-Find-My-iPhone-aus-der-Cloud-gesaugt-2305588.html},
  Urldate                  = {2015-01-24},

  Owner                    = {sn0b4ll},
  Timestamp                = {2015.01.24}
}

@Electronic{SicherheitinderInformationstechnik2013,
  Title                    = {BSI Studie Penetrationstest},
  Author                   = {Bundesamt für Sicherheit in der Informationstechnik},
  Url                      = {https://www.bsi.bund.de/SharedDocs/Downloads/DE/BSI/Publikationen/Studien/Penetrationstest/penetrationstest_pdf.pdf?__blob=publicationFile},
  Year                     = {2013},
  Urldate                  = {2016-02-22},

  Owner                    = {sn0b4ll},
  Timestamp                = {2016.02.22}
}

@Electronic{wordlists,
  Title                    = {Leaked Passwords},
  Author                   = {Skullsecurity},
  Url                      = {https://wiki.skullsecurity.org/Passwords},
  Urldate                  = {2015-01-25},

  Owner                    = {sn0b4ll},
  Timestamp                = {2015.01.25}
}

@Electronic{impressjs,
  Title                    = {impress.js},
  Author                   = {Bartek Szopka},
  Url                      = {https://github.com/bartaz/impress.js/},
  Urldate                  = {2015-01-25},

  Owner                    = {root},
  Timestamp                = {2015.01.25}
}

@Electronic{openofficedownloads,
  Title                    = {The Apache Software Foundation Announces 100 Million Downloads of Apache™ OpenOffice™},
  Author                   = {{The Apache Software Foundation}},
  Url                      = {https://blogs.apache.org/foundation/entry/the_apache_software_foundation_announces56},
  Urldate                  = {2015-01-25},

  Owner                    = {sn0b4ll},
  Timestamp                = {2015.01.25}
}

@Electronic{androidDebugBridge,
  Title                    = {Android Debug Bridge},
  Url                      = {http://developer.android.com/tools/help/adb.html},
  Urldate                  = {2016-02-22},

  Owner                    = {sn0b4ll},
  Timestamp                = {2016.02.22}
}

@Electronic{apache2,
  Title                    = {Apache 2},
  Url                      = {http://httpd.apache.org},
  Urldate                  = {2015-01-24},

  Owner                    = {sn0b4ll},
  Timestamp                = {2015.01.24}
}

@Electronic{backtrack,
  Title                    = {Backtrack},
  Url                      = {http://www.backtrack-linux.org/},
  Urldate                  = {2015-01-24},

  Owner                    = {sn0b4ll},
  Timestamp                = {2015.01.24}
}

@Electronic{dd,
  Title                    = {GNU Coreutils Manual: dd},
  Url                      = {http://www.gnu.org/software/coreutils/manual/coreutils.html#dd-invocation},
  Urldate                  = {2015-01-26},

  Owner                    = {sn0b4ll},
  Timestamp                = {2015.01.26}
}

@Electronic{ettercap,
  Title                    = {Ettercap-Webseite},
  Url                      = {http://ettercap.github.io/ettercap/index.html},
  Urldate                  = {2015-02-01},

  Owner                    = {sn0b4ll},
  Timestamp                = {2015.02.01}
}

@Electronic{foremost,
  Title                    = {Foremost},
  Url                      = {http://foremost.sourceforge.net/},
  Urldate                  = {2015-01-26},

  Owner                    = {sn0b4ll},
  Timestamp                = {2015.01.26}
}

@Electronic{git,
  Title                    = {GIT},
  Url                      = {http://git-scm.com/},
  Urldate                  = {2015-01-24},

  Owner                    = {sn0b4ll},
  Timestamp                = {2015.01.24}
}

@Electronic{gitconsole,
  Title                    = {GIT Console Interfaces},
  Url                      = {http://git-scm.com/downloads},
  Urldate                  = {2015-01-25},

  Owner                    = {sn0b4ll},
  Timestamp                = {2015.01.25}
}

@Electronic{gitgui,
  Title                    = {GIT Graphical User Interfaces},
  Url                      = {http://git-scm.com/downloads/guis},
  Urldate                  = {2015-01-24},

  Owner                    = {sn0b4ll},
  Timestamp                = {2015.01.24}
}

@Other{HackKreditkarten,
  Title                    = {AB Acquisition LLC Confirms Incident Involving Payment Card Data Processing},
  Owner                    = {root},
  Timestamp                = {2014.11.01},
  Url                      = {http://www.jewelosco.com/2014/08/ab-acquisition-llc-confirms-incident-involving-payment-card-data-processing/},
  Urldate                  = {2014-11-01}
}

@Other{HackKreditkarten2,
  Title                    = {Home Depot probes possible hack, could be larger than Target breach},
  Owner                    = {root},
  Timestamp                = {2014.11.01},
  Url                      = {http://www.denverpost.com/business/ci_26453916/data-stolen-from-11-colorado-goodwill-stores-home.html},
  Urldate                  = {2014-11-01}
}

@Other{Heartbleed,
  Title                    = {Heartbleed},
  Owner                    = {root},
  Timestamp                = {2014.11.03},
  Url                      = {https://cve.mitre.org/cgi-bin/cvename.cgi?name=CVE-2014-0160},
  Urldate                  = {2014-10-29}
}

@Electronic{iceweasel,
  Title                    = {Iceweasel},
  Url                      = {https://wiki.debian.org/Iceweasel},
  Urldate                  = {2015-01-24},

  Owner                    = {sn0b4ll},
  Timestamp                = {2015.01.24}
}

@Electronic{kali,
  Title                    = {Kali},
  Url                      = {https://www.kali.org/},
  Urldate                  = {2015-01-24},

  Owner                    = {sn0b4ll},
  Timestamp                = {2015.01.24}
}

@Electronic{libreoffice,
  Title                    = {LibreOffice},
  Url                      = {https://www.libreoffice.org/},
  Urldate                  = {2015-01-25},

  Owner                    = {sn0b4ll},
  Timestamp                = {2015.01.25}
}

@Electronic{metasploit,
  Title                    = {Metasploit},
  Url                      = {http://www.metasploit.com/},
  Urldate                  = {2015-01-24},

  Owner                    = {sn0b4ll},
  Timestamp                = {2015.01.24}
}

@Electronic{mit,
  Title                    = {MIT License},
  Url                      = {http://opensource.org/licenses/MIT},
  Urldate                  = {2015-01-25},

  Owner                    = {sn0b4ll},
  Timestamp                = {2015.01.25}
}

@Electronic{nautilus,
  Title                    = {Nautilus},
  Url                      = {https://wiki.gnome.org/action/show/Apps/Nautilus},
  Urldate                  = {2015-01-26},

  Owner                    = {sn0b4ll},
  Timestamp                = {2015.01.26}
}

@Electronic{nmap,
  Title                    = {NMap},
  Url                      = {http://nmap.org/},
  Urldate                  = {2015-01-24},

  Owner                    = {sn0b4ll},
  Timestamp                = {2015.01.24}
}

@Electronic{nmapscr,
  Title                    = {NMap Skripte},
  Url                      = {http://nmap.org/man/de/man-nse.html},
  Urldate                  = {2015-01-24},

  Owner                    = {sn0b4ll},
  Timestamp                = {2015.01.24}
}

@Electronic{openoffice,
  Title                    = {Apache OpenOffice},
  Url                      = {http://www.openoffice.org/},
  Urldate                  = {2015-01-25},

  Owner                    = {sn0b4ll},
  Timestamp                = {2015.01.25}
}

@Electronic{perl,
  Title                    = {Perl},
  Url                      = {https://www.perl.org/},
  Urldate                  = {2015-01-24},

  Owner                    = {sn0b4ll},
  Timestamp                = {2015.01.24}
}

@Other{Poodle,
  Title                    = {Poodle},
  Owner                    = {root},
  Timestamp                = {2014.11.08},
  Url                      = {https://cve.mitre.org/cgi-bin/cvename.cgi?name=CVE-2014-3566},
  Urldate                  = {2014-11-08}
}

@Electronic{PowerPoint,
  Title                    = {Power Point},
  Url                      = {http://products.office.com/de-DE/powerpoint},
  Urldate                  = {2015-01-24},

  Owner                    = {sn0b4ll},
  Timestamp                = {2015.01.24}
}

@Electronic{ProGIT,
  Title                    = {ProGIT},
  Url                      = {http://git-scm.com/book/en/v2/Getting-Started-A-Short-History-of-Git},
  Urldate                  = {2015-01-10},

  Owner                    = {sn0b4ll},
  Timestamp                = {2015.01.10}
}

@Electronic{set,
  Title                    = {Social Engineering Toolkit},
  Url                      = {https://www.trustedsec.com/social-engineer-toolkit/},
  Urldate                  = {2015-01-24},

  Owner                    = {sn0b4ll},
  Timestamp                = {2015.01.24}
}

@Other{Shellshock,
  Title                    = {Shellshock},
  Owner                    = {root},
  Timestamp                = {2014.10.29},
  Url                      = {https://cve.mitre.org/cgi-bin/cvename.cgi?name=CVE-2014-6271},
  Urldate                  = {2014-10-29}
}

@Other{Snowden,
  Title                    = {Snowden},
  Owner                    = {root},
  Timestamp                = {2014.10.29},
  Url                      = {https://www.theguardian.com/us-news/edward-snowden},
  Urldate                  = {2014-10-29}
}

@Other{Snowden2,
  Title                    = {Spionageaktivitäten auf Unternehmen},
  Owner                    = {root},
  Timestamp                = {2014.11.03},
  Url                      = {https://firstlook.org/theintercept/2014/10/10/core-secrets/},
  Urldate                  = {2014-11-03}
}

@Electronic{strawberry,
  Title                    = {Strawberry Perl},
  Url                      = {http://strawberryperl.com/},
  Urldate                  = {2015-01-24},

  Owner                    = {sn0b4ll},
  Timestamp                = {2015.01.24}
}

@Electronic{svn,
  Title                    = {Subversion},
  Url                      = {https://subversion.apache.org/},
  Urldate                  = {2015-01-24},

  Owner                    = {sn0b4ll},
  Timestamp                = {2015.01.24}
}

@Electronic{svndown,
  Title                    = {Subversion download},
  Url                      = {http://subversion.apache.org/download/},
  Urldate                  = {2015-01-24},

  Owner                    = {sn0b4ll},
  Timestamp                = {2015.01.24}
}

@Electronic{symposium,
  Title                    = {Wordpress: Symposium 14.11},
  Url                      = {https://downloads.wordpress.org/plugin/wp-symposium.14.11.zip},
  Urldate                  = {2015-01-24},

  Owner                    = {sn0b4ll},
  Timestamp                = {2015.01.24}
}

@Electronic{symposiumVuln,
  Title                    = {ExploitDB: Symposium 14.11 Remote Shell Vulnerability},
  Url                      = {http://www.exploit-db.com/exploits/35543/},
  Urldate                  = {2015-01-24},

  Owner                    = {sn0b4ll},
  Timestamp                = {2015.01.24}
}

@Electronic{tortsvn,
  Title                    = {Tortoise SVN},
  Url                      = {http://tortoisesvn.net/index.de.html},
  Urldate                  = {2015-01-24},

  Owner                    = {sn0b4ll},
  Timestamp                = {2015.01.24}
}

@Electronic{unsplash,
  Title                    = {unsplash: lizenzfreie Bilder},
  Url                      = {https://unsplash.com/},
  Urldate                  = {2015-01-26},

  Owner                    = {sn0b4ll},
  Timestamp                = {2015.01.26}
}

@Electronic{veil,
  Title                    = {Veil-Evasion},
  Url                      = {https://www.veil-framework.com/framework/veil-evasion/},
  Urldate                  = {2015-01-24},

  Owner                    = {sn0b4ll},
  Timestamp                = {2015.01.24}
}

@Electronic{virtualbox,
  Title                    = {Virtualbox},
  Url                      = {https://www.virtualbox.org/},
  Urldate                  = {2015-01-24},

  Owner                    = {sn0b4ll},
  Timestamp                = {2015.01.24}
}

@Electronic{vmware,
  Title                    = {VMWare},
  Url                      = {http://www.vmware.com/de},
  Urldate                  = {2015-01-24},

  Owner                    = {sn0b4ll},
  Timestamp                = {2015.01.24}
}

@Electronic{wireshark,
  Title                    = {Wireshark},
  Url                      = {https://www.wireshark.org/},
  Urldate                  = {2015-01-24},

  Owner                    = {sn0b4ll},
  Timestamp                = {2015.01.24}
}

@Electronic{wp,
  Title                    = {Wordpress},
  Url                      = {https://wordpress.org/},
  Urldate                  = {2015-01-24},

  Owner                    = {sn0b4ll},
  Timestamp                = {2015.01.24}
}

@Electronic{wpdowns,
  Title                    = {Wordpress Downloads},
  Url                      = {https://wordpress.org/download/counter/},
  Urldate                  = {2015-01-24},

  Owner                    = {sn0b4ll},
  Timestamp                = {2015.01.24}
}

@Electronic{wpinst,
  Title                    = {Wordpress Installation},
  Url                      = {http://codex.wordpress.org/Installing_WordPress},
  Urldate                  = {2015-01-24},

  Owner                    = {sn0b4ll},
  Timestamp                = {2015.01.24}
}

@Electronic{wpscan,
  Title                    = {WPScan},
  Url                      = {http://wpscan.org/},
  Urldate                  = {2015-01-24},

  Owner                    = {sn0b4ll},
  Timestamp                = {2015.01.24}
}

@Electronic{wpvulndb,
  Title                    = {Wordpress Vulnerability Database},
  Url                      = {https://wpvulndb.com/},
  Urldate                  = {2015-01-24},

  Owner                    = {sn0b4ll},
  Timestamp                = {2015.01.24}
}

@Electronic{xdotool,
  Title                    = {xdotool},
  Url                      = {http://www.semicomplete.com/projects/xdotool/xdotool.xhtml},
  Urldate                  = {2015-01-24},

  Owner                    = {sn0b4ll},
  Timestamp                = {2015.01.24}
}

@Electronic{AppleNSAppTransportSecurity,
  Title                    = {Apple zu AppleNSAppTransportSecurity},
  Url                      = {https://developer.apple.com/library/content/documentation/General/Reference/InfoPlistKeyReference/Articles/CocoaKeys.html#//apple_ref/doc/uid/TP40009251-SW33},
  Urldate                  = {2017-02-16},
  Owner                    = {sn0b4ll},
  Timestamp                = {2017.02.16}
}

@Electronic{OWASPTOP10,
  Title                    = {OWASP Top 10},
  Url                      = {https://www.owasp.org/index.php/About_The_Open_Web_Application_Security_Project#The_OWASP_Foundation},
  Urldate                  = {2017-02-21},
  Owner                    = {sn0b4ll},
  Timestamp                = {2017.02.21}
}

@Electronic{MITRECWE,
  Title                    = {CWE},
  Url                      = {http://cwe.mitre.org/about/index.html},
  Urldate                  = {2017-02-21},
  Owner                    = {sn0b4ll},
  Timestamp                = {2017.02.21}
}


@Electronic{FIRSTCVSS,
  Title                    = {CVSS},
  Url                      = {https://www.first.org/cvss},
  Urldate                  = {2017-02-21},
  Owner                    = {sn0b4ll},
  Timestamp                = {2017.02.21}
}

@Electronic{FIRSTCVSSSpec,
  Title                    = {CVSS Specifikation},
  Url                      = {https://www.first.org/cvss/specification-document},
  Urldate                  = {2017-02-21},
  Owner                    = {sn0b4ll},
  Timestamp                = {2017.02.21}
}

@Electronic{DREADOWASP,
  Title                    = {OWASP über DREAD},
  Url                      = {https://www.owasp.org/index.php/Threat_Risk_Modeling},
  Urldate                  = {2017-02-21},
  Owner                    = {sn0b4ll},
  Timestamp                = {2017.02.21}
}

@Electronic{DREADOpenStack,
  Title                    = {OenStack über DREAD},
  Url                      = {https://wiki.openstack.org/wiki/Security/OSSA-Metrics#DREAD},
  Urldate                  = {2017-02-21},
  Owner                    = {sn0b4ll},
  Timestamp                = {2017.02.21}
}

@comment{jabref-meta: selector_publisher:}

@comment{jabref-meta: selector_author:}

@comment{jabref-meta: selector_keywords:mobile;}

@comment{jabref-meta: selector_journal:}

